@article{gangbo1996geometry,
  author  = {Wilfrid Gangbo and Robert J. McCann},
  doi     = {10.1007/BF02392620},
  issn    = {0001-5962},
  issue   = {2},
  journal = {Acta Mathematica},
  pages   = {113-161},
  title   = {The geometry of optimal transportation},
  volume  = {177},
  year    = {1996}
}

@article{mccann1997convexity,
  title     = {A convexity principle for interacting gases},
  author    = {McCann, Robert J},
  journal   = {Advances in mathematics},
  volume    = {128},
  number    = {1},
  pages     = {153--179},
  year      = {1997},
  publisher = {Elsevier}
}

@inproceedings{munoz2023unifying,
  title     = {Unifying Generative Adversarial Nets and Autoencoders using the Wasserstein Distance},
  author    = {Francisco Mu{\~n}oz and Joaquin Fontbona},
  booktitle = {Escuela de Verano en Inteligencia Computacional 2023},
  year      = {2023},
  url       = {https://openreview.net/forum?id=xnq3GmfCig}
}