
@article{peyre2019computational,
  year    = {2019},
  volume  = {11},
  journal = {Foundations and Trends in Machine Learning},
  title   = {Computational Optimal Transport},
  number  = {5-6},
  pages   = {355--607},
  author  = {Gabriel Peyr{\'e} and Marco Cuturi},
  doi     = {10.48550/ARXIV.1803.00567}
}

@book{villani2009optimal,
  author    = {C{\'e}dric Villani},
  city      = {Berlin, Heidelberg},
  doi       = {10.1007/978-3-540-71050-9},
  isbn      = {978-3-540-71049-3},
  publisher = {Springer Berlin Heidelberg},
  title     = {Optimal Transport: Old and New},
  volume    = {338},
  year      = {2009}
}

@misc{bayesian-learning-fontbona,
  doi       = {10.48550/ARXIV.1805.10833},
  url       = {https://arxiv.org/abs/1805.10833},
  author    = {Backhoff-Veraguas, Julio and Fontbona, Joaquin and Rios, Gonzalo and Tobar, Felipe},
  keywords  = {Machine Learning (stat.ML), Machine Learning (cs.LG), FOS: Computer and information sciences, FOS: Computer and information sciences, G.3; I.2.6, 62F15, 62C10, 68Q32, 68T05},
  title     = {Bayesian Learning with Wasserstein Barycenters},
  publisher = {arXiv},
  year      = {2018},
  copyright = {arXiv.org perpetual, non-exclusive license}
}